@inproceedings{sewall2010continuum,
  title={Continuum traffic simulation},
  author={Sewall, Jason and Wilkie, David and Merrell, Paul and Lin, Ming C},
  booktitle={Computer Graphics Forum},
  volume={29},
  pages={439--448},
  year={2010},
  organization={Wiley Online Library}
}

@inproceedings{namekawa2005general,
  title={General purpose road traffic simulation system with a cell automaton model},
  author={Namekawa, M and Ueda, F and Hioki, Y and Ueda, Y and Satoh, A},
  booktitle={International Congress on Modelling and Simulation (MODSIM05), Melbourne, Australia},
  year={2005}
}

@book{roberts2006self,
  title={Self, peer and group assessment in e-learning},
  author={Roberts, Tim S},
  year={2006},
  page = {6},
  publisher={IGI Global}
}